<collection xmlns="http://www.loc.gov/MARC21/slim">
<record>
  <leader>01048nam0a2200169 i 450 </leader>
  <controlfield tag="001">IT\ICCU\CNCE\049267</controlfield>
  <controlfield tag="005">20170309000000.0</controlfield>
  <datafield tag="100" ind1=" " ind2=" ">
    <subfield code="a">19991011f1546        0itac0103    ba</subfield>
  </datafield>
  <datafield tag="101" ind1=" " ind2=" ">
    <subfield code="a">ITA</subfield>
  </datafield>
  <datafield tag="102" ind1=" " ind2=" ">
    <subfield code="a">IT</subfield>
  </datafield>
  <datafield tag="200" ind1="1" ind2=" ">
    <subfield code="a">℗La ℗declaratione de le citta famose de Italia, &amp; de molte altre piu notabile del mondo con la descriptione della longeza &amp; largheza de Italia, &amp; di soi confini, &amp; li particulari de tutte le sue prouincie: &amp; similmente de la Lombardia &amp; il principio del regno del \!! longobardi. Con il modo, &amp; lordine de la eletione de li imperatori. Item la discrittione de Lafrica \!! Asia &amp; Europa con la particularita de li termini, &amp; confini suoi</subfield>
  </datafield>
  <datafield tag="210" ind1=" " ind2=" ">
    <subfield code="d">\1546?!</subfield>
  </datafield>
  <datafield tag="215" ind1=" " ind2=" ">
    <subfield code="a">\24! c.</subfield>
    <subfield code="d">8ʻ</subfield>
  </datafield>
  <datafield tag="300" ind1=" " ind2=" ">
    <subfield code="a">La data si ricava da c. B12r. - Nel coloph., a c. B12v: Ad instantia de Claudio Varico de Lorena, detto il Francese. Di questo e</subfield>
  </datafield>
  <datafield tag="712" ind1="0" ind2="0">
    <subfield code="a">Varico, Claudio</subfield>
    <subfield code="3">IT\ICCU\CNCT\003551</subfield>
    <subfield code="4">650</subfield>
  </datafield>
  <datafield tag="801" ind1=" " ind2="3">
    <subfield code="a">IT</subfield>
    <subfield code="b">ICCU</subfield>
    <subfield code="c">20201115</subfield>
  </datafield>
  <datafield tag="899" ind1=" " ind2=" ">
    <subfield code="a">Biblioteca provinciale Frati minori cappuccini. Torino</subfield>
    <subfield code="1">TO0264</subfield>
    <subfield code="2">TO0 84</subfield>
  </datafield>
</record>
</collection>
